@acronym{ml,
	short={ML},
	name={ML},
	long={machine learning}
}
@acronym{dl,
	short={DL},
	name={DL},
	long={deep learning}
}
@acronym{fft,
	short={FFT},
	name={FFT},
	plural={FFTs},
	long={fast Fourier transform},
	longplural={fast Fourier transforms}
}