% Encoding: UTF-8
@symbol{determinant,
	name={\(\mathrm{det}(X)\)},
	description={determinant of a matrix}
}
@symbol{abs,
	name={\(|x|\)},
	description={absolute value of a variable}
}