@symbol{x_dot,
	name={\ensuremath{\dot{x}}},
	description={velocity in \unit{\meter\per\second}}
}
@symbol{F,
	name={\ensuremath{F}},
	description={force}
}
@symbol{omega,
	name={\ensuremath{\omega}},
	description={angular velocity in \unit{\per\second}}
}